@article{berthie2015restless,
  title={The restless mind while driving: driversâ€™ thoughts behind the wheel},
  author={Berthi{\'e}, Ga{\"e}lle and Lemercier, C{\'e}line and Paubel, Pierre-Vincent and Cour, Maurice and Fort, Alexandra and Gal{\'e}ra, C{\'e}dric and Lagarde, Emmanuel and Gabaude, Catherine and Maury, Bertrand},
  journal={Accident Analysis \& Prevention},
  volume={76},
  pages={159--165},
  year={2015},
  publisher={Elsevier}
}

@book{witten2016data,
  title={Data Mining: Practical machine learning tools and techniques},
  author={Witten, Ian H and Frank, Eibe and Hall, Mark A and Pal, Christopher J},
  year={2016},
  publisher={Morgan Kaufmann}
}

@article{Bixler2016AutomaticReadingd,
    title = {{Automatic gaze-based user-independent detection of mind wandering during computerized reading}},
    year = {2016},
    journal = {User Modeling and User-Adapted Interaction},
    author = {Bixler, R and D'Mello, S},
    number = {1},
    pages = {33--68},
    volume = {26},
    url = {https://www.scopus.com/inward/record.uri?eid=2-s2.0-84944706244&doi=10.1007\%2Fs11257-015-9167-1&partnerID=40&md5=1332663c69cc40ae443e60a114d96425},
    doi = {10.1007/s11257-015-9167-1}
}

@article{Bixler2014TowardWanderingd,
    title = {{Toward fully automated person-independent detection of mind wandering}},
    year = {2014},
    journal = {Lecture Notes in Computer Science (including subseries Lecture Notes in Artificial Intelligence and Lecture Notes in Bioinformatics)},
    author = {Bixler, R and {D'Mello}, S},
    pages = {37--48},
    volume = {8538},
    url = {https://www.scopus.com/inward/record.uri?eid=2-s2.0-84927545979&partnerID=40&md5=6847e39fc17dd33f399b0c11bc919c15}
}