@inproceedings{ISI:000443429900018,
    title = {{Automatic Detection of Mind Wandering Using Mobile Device In the Scenario of Online and Mobile Education}},
    year = {2017},
    booktitle = {COMPUTER SCIENCE AND TECHNOLOGY (CST2016)},
    author = {Zhang, Cheng-lu and Shen, Rui-min},
    editor = {Cai, N},
    pages = {153--162},
    isbn = {978-981-314-642-6; 978-981-3146-41-9}
}

@inproceedings{ISI:000443429900018b,
    title = {{Automatic Detection of Mind Wandering Using Mobile Device In the Scenario of Online and Mobile Education}},
    year = {2017},
    booktitle = {COMPUTER SCIENCE AND TECHNOLOGY (CST2016)},
    author = {Zhang, Cheng-lu and Shen, Rui-min},
    editor = {Cai, N},
    pages = {153--162},
    isbn = {978-981-314-642-6; 978-981-3146-41-9}
}

@inproceedings{ISI:000443429900018c,
    title = {{Automatic Detection of Mind Wandering Using Mobile Device In the Scenario of Online and Mobile Education}},
    year = {2017},
    booktitle = {COMPUTER SCIENCE AND TECHNOLOGY (CST2016)},
    author = {Zhang, Cheng-lu and Shen, Rui-min},
    editor = {Cai, N},
    pages = {153--162},
    isbn = {978-981-314-642-6; 978-981-3146-41-9}
}

@inproceedings{Bosch2016317,
    title = {{Detecting student engagement: Human versus machine}},
    year = {2016},
    booktitle = {UMAP 2016 - Proceedings of the 2016 Conference on User Modeling Adaptation and Personalization},
    author = {Bosch, N},
    pages = {317--320},
    url = {https://www.scopus.com/inward/record.uri?eid=2-s2.0-84984910859&doi=10.1145%2F2930238.2930371&partnerID=40&md5=ab00e778563c5fdda4ebdf3140327f25},
    doi = {10.1145/2930238.2930371}
}

@inproceedings{Bosch2016317b,
    title = {{Detecting student engagement: Human versus machine}},
    year = {2016},
    booktitle = {UMAP 2016 - Proceedings of the 2016 Conference on User Modeling Adaptation and Personalization},
    author = {Bosch, N},
    pages = {317--320},
    url = {https://www.scopus.com/inward/record.uri?eid=2-s2.0-84984910859&doi=10.1145%2F2930238.2930371&partnerID=40&md5=ab00e778563c5fdda4ebdf3140327f25},
    doi = {10.1145/2930238.2930371}
}

@inproceedings{Bosch2016317c,
    title = {{Detecting student engagement: Human versus machine}},
    year = {2016},
    booktitle = {UMAP 2016 - Proceedings of the 2016 Conference on User Modeling Adaptation and Personalization},
    author = {Bosch, N},
    pages = {317--320},
    url = {https://www.scopus.com/inward/record.uri?eid=2-s2.0-84984910859&doi=10.1145%2F2930238.2930371&partnerID=40&md5=ab00e778563c5fdda4ebdf3140327f25},
    doi = {10.1145/2930238.2930371}
}

@article{ISI:000458945000006,
    title = {{Disengagement during lectures: Media multitasking and mind wandering in university classrooms}},
    year = {2019},
    journal = {Computers {\&} Education},
    author = {Wammes, Jeffrey D and Ralph, Brandon C.W. and Mills, Caitlin and Bosch, Nigel and Duncan, Tracy L and Smilek, Daniel},
    month = {4},
    pages = {76--89},
    volume = {132},
    url = {https://linkinghub.elsevier.com/retrieve/pii/S0360131518303208},
    doi = {10.1016/j.compedu.2018.12.007},
    issn = {03601315}
}

@article{ISI:000458945000006b,
    title = {{Disengagement during lectures: Media multitasking and mind wandering in university classrooms}},
    year = {2019},
    journal = {Computers {\&} Education},
    author = {Wammes, Jeffrey D and Ralph, Brandon C.W. and Mills, Caitlin and Bosch, Nigel and Duncan, Tracy L and Smilek, Daniel},
    month = {4},
    pages = {76--89},
    volume = {132},
    url = {https://linkinghub.elsevier.com/retrieve/pii/S0360131518303208},
    doi = {10.1016/j.compedu.2018.12.007},
    issn = {03601315}
}

@article{ISI:000458945000006c,
    title = {{Disengagement during lectures: Media multitasking and mind wandering in university classrooms}},
    year = {2019},
    journal = {Computers {\&} Education},
    author = {Wammes, Jeffrey D and Ralph, Brandon C.W. and Mills, Caitlin and Bosch, Nigel and Duncan, Tracy L and Smilek, Daniel},
    month = {4},
    pages = {76--89},
    volume = {132},
    url = {https://linkinghub.elsevier.com/retrieve/pii/S0360131518303208},
    doi = {10.1016/j.compedu.2018.12.007},
    issn = {03601315}
}

@article{ISI:000432512400017,
    title = {{Instructor presence effect: Liking does not always lead to learning}},
    year = {2018},
    journal = {Computers {\&} Education},
    author = {Wilson, Kristin E and Martinez, Mark and Mills, Caitlin and D'Mello, Sidney and Smilek, Daniel and Risko, Evan F},
    month = {7},
    pages = {205--220},
    volume = {122},
    url = {https://linkinghub.elsevier.com/retrieve/pii/S0360131518300642},
    doi = {10.1016/j.compedu.2018.03.011},
    issn = {03601315}
}

@article{Gorgolewski2015AMeasures,
    title = {{A high resolution 7-Tesla resting-state fMRI test-retest dataset with cognitive and physiological measures}},
    year = {2015},
    journal = {Scientific Data},
    author = {Gorgolewski, K J and Mendes, N and Wilfling, D and Wladimirow, E and Gauthier, C J and Bonnen, T and Ruby, F J M and Trampel, R and Bazin, P.-L. and Cozatl, R and Smallwood, J and Margulies, D S},
    volume = {2},
    url = {https://www.scopus.com/inward/record.uri?eid=2-s2.0-84960983700&doi=10.1038%2Fsdata.2014.54&partnerID=40&md5=e7ba39cc8b1fb4f1e3f18ef0fa6261cb},
    doi = {10.1038/sdata.2014.54}
}

@inproceedings{Gouraud2017AAttention,
    title = {{A preliminary study on the influence of automation over mind wandering frequency in sustained attention}},
    year = {2017},
    booktitle = {ACM International Conference Proceeding Series},
    author = {Gouraud, J and Delorme, A and Berberian, B},
    pages = {31--34},
    volume = {Part F1311},
    url = {https://www.scopus.com/inward/record.uri?eid=2-s2.0-85033478347&doi=10.1145%2F3121283.3121306&partnerID=40&md5=3362e3910808e85e65d75bc7360b0d2c},
    doi = {10.1145/3121283.3121306}
}

@inproceedings{Gouraud2017AAttentionb,
    title = {{A preliminary study on the influence of automation over mind wandering frequency in sustained attention}},
    year = {2017},
    booktitle = {ACM International Conference Proceeding Series},
    author = {Gouraud, J and Delorme, A and Berberian, B},
    pages = {31--34},
    volume = {Part F1311},
    url = {https://www.scopus.com/inward/record.uri?eid=2-s2.0-85033478347&doi=10.1145%2F3121283.3121306&partnerID=40&md5=3362e3910808e85e65d75bc7360b0d2c},
    doi = {10.1145/3121283.3121306}
}

@inproceedings{Jo2017AMind,
    title = {{A Study of Keywords Based on the Word Frequency Effect Theory in Video Lectures of Software Engineering Education for Detecting Mind}},
    year = {2017},
    booktitle = {Proceedings - 30th IEEE Conference on Software Engineering Education and Training, CSEE and T 2017},
    author = {Jo, J and Lim, H},
    pages = {241--245},
    volume = {2017-Janua},
    url = {https://www.scopus.com/inward/record.uri?eid=2-s2.0-85046485656&doi=10.1109%2FCSEET.2017.46&partnerID=40&md5=607da43fb36c7ee35077ecdb80c5edd2},
    doi = {10.1109/CSEET.2017.46}
}

@inproceedings{Jo2017AMindb,
    title = {{A Study of Keywords Based on the Word Frequency Effect Theory in Video Lectures of Software Engineering Education for Detecting Mind}},
    year = {2017},
    booktitle = {Proceedings - 30th IEEE Conference on Software Engineering Education and Training, CSEE and T 2017},
    author = {Jo, J and Lim, H},
    pages = {241--245},
    volume = {2017-Janua},
    url = {https://www.scopus.com/inward/record.uri?eid=2-s2.0-85046485656&doi=10.1109%2FCSEET.2017.46&partnerID=40&md5=607da43fb36c7ee35077ecdb80c5edd2},
    doi = {10.1109/CSEET.2017.46}
}

@inproceedings{Jo2017AMindc,
    title = {{A Study of Keywords Based on the Word Frequency Effect Theory in Video Lectures of Software Engineering Education for Detecting Mind}},
    year = {2017},
    booktitle = {Proceedings - 30th IEEE Conference on Software Engineering Education and Training, CSEE and T 2017},
    author = {Jo, J and Lim, H},
    pages = {241--245},
    volume = {2017-Janua},
    url = {https://www.scopus.com/inward/record.uri?eid=2-s2.0-85046485656&doi=10.1109%2FCSEET.2017.46&partnerID=40&md5=607da43fb36c7ee35077ecdb80c5edd2},
    doi = {10.1109/CSEET.2017.46}
}

@inproceedings{Ebel2006AffectiveVisualization,
    title = {{Affective effects of program visualization}},
    year = {2006},
    booktitle = {ICER 2006 - Proceedings of the 2nd International Computing Education Research Workshop},
    author = {Ebel, G and Ben-Ari, M},
    pages = {1--5},
    volume = {2006},
    url = {https://www.scopus.com/inward/record.uri?eid=2-s2.0-34247398770&doi=10.1145%2F1151588.1151590&partnerID=40&md5=6f069c3a0a49edfdd6685d4dbf3c0353},
    doi = {10.1145/1151588.1151590}
}

@article{Melinscak2016AsynchronousMeasurements,
    title = {{Asynchronous detection of kinesthetic attention during mobilization of lower limbs using EEG measurements}},
    year = {2016},
    journal = {Journal of Neural Engineering},
    author = {Melinscak, F and Montesano, L and Minguez, J},
    number = {1},
    volume = {13},
    url = {https://www.scopus.com/inward/record.uri?eid=2-s2.0-84957837595&doi=10.1088%2F1741-2560%2F13%2F1%2F016018&partnerID=40&md5=df49908b5ccc7bdd24380d7b3b058e80},
    doi = {10.1088/1741-2560/13/1/016018}
}

@article{Melinscak2016AsynchronousMeasurementsb,
    title = {{Asynchronous detection of kinesthetic attention during mobilization of lower limbs using EEG measurements}},
    year = {2016},
    journal = {Journal of Neural Engineering},
    author = {Melinscak, F and Montesano, L and Minguez, J},
    number = {1},
    volume = {13},
    url = {https://www.scopus.com/inward/record.uri?eid=2-s2.0-84957837595&doi=10.1088%2F1741-2560%2F13%2F1%2F016018&partnerID=40&md5=df49908b5ccc7bdd24380d7b3b058e80},
    doi = {10.1088/1741-2560/13/1/016018}
}

@article{Roda2006AttentionAgenda,
    title = {{Attention aware systems: Theories, applications, and research agenda}},
    year = {2006},
    journal = {Computers in Human Behavior},
    author = {Roda, C and Thomas, J},
    number = {4},
    pages = {557--587},
    volume = {22},
    url = {https://www.scopus.com/inward/record.uri?eid=2-s2.0-33144481134&doi=10.1016%2Fj.chb.2005.12.005&partnerID=40&md5=b698dc64149eabbd0742ad9013ea7c37},
    doi = {10.1016/j.chb.2005.12.005}
}

@article{Roda2006AttentionAgendab,
    title = {{Attention aware systems: Theories, applications, and research agenda}},
    year = {2006},
    journal = {Computers in Human Behavior},
    author = {Roda, C and Thomas, J},
    number = {4},
    pages = {557--587},
    volume = {22},
    url = {https://www.scopus.com/inward/record.uri?eid=2-s2.0-33144481134&doi=10.1016%2Fj.chb.2005.12.005&partnerID=40&md5=b698dc64149eabbd0742ad9013ea7c37},
    doi = {10.1016/j.chb.2005.12.005}
}

@article{Roda2006AttentionAgendac,
    title = {{Attention aware systems: Theories, applications, and research agenda}},
    year = {2006},
    journal = {Computers in Human Behavior},
    author = {Roda, C and Thomas, J},
    number = {4},
    pages = {557--587},
    volume = {22},
    url = {https://www.scopus.com/inward/record.uri?eid=2-s2.0-33144481134&doi=10.1016%2Fj.chb.2005.12.005&partnerID=40&md5=b698dc64149eabbd0742ad9013ea7c37},
    doi = {10.1016/j.chb.2005.12.005}
}

@article{Pham2015Attentivelearner:Tracking,
    title = {{Attentivelearner: Improving mobile MOOC learning via implicit heart rate tracking}},
    year = {2015},
    journal = {Lecture Notes in Computer Science (including subseries Lecture Notes in Artificial Intelligence and Lecture Notes in Bioinformatics)},
    author = {Pham, P and Wang, J},
    pages = {367--376},
    volume = {9112},
    url = {https://www.scopus.com/inward/record.uri?eid=2-s2.0-84948984104&doi=10.1007%2F978-3-319-19773-9_37&partnerID=40&md5=d3db0687b67ee146c9d2e04ca38daa73},
    doi = {10.1007/978-3-319-19773-9{\_}37}
}

@article{Pham2015Attentivelearner:Trackingb,
    title = {{Attentivelearner: Improving mobile MOOC learning via implicit heart rate tracking}},
    year = {2015},
    journal = {Lecture Notes in Computer Science (including subseries Lecture Notes in Artificial Intelligence and Lecture Notes in Bioinformatics)},
    author = {Pham, P and Wang, J},
    pages = {367--376},
    volume = {9112},
    url = {https://www.scopus.com/inward/record.uri?eid=2-s2.0-84948984104&doi=10.1007%2F978-3-319-19773-9_37&partnerID=40&md5=d3db0687b67ee146c9d2e04ca38daa73},
    doi = {10.1007/978-3-319-19773-9{\_}37}
}

@article{Pham2015Attentivelearner:Trackingc,
    title = {{Attentivelearner: Improving mobile MOOC learning via implicit heart rate tracking}},
    year = {2015},
    journal = {Lecture Notes in Computer Science (including subseries Lecture Notes in Artificial Intelligence and Lecture Notes in Bioinformatics)},
    author = {Pham, P and Wang, J},
    pages = {367--376},
    volume = {9112},
    url = {https://www.scopus.com/inward/record.uri?eid=2-s2.0-84948984104&doi=10.1007%2F978-3-319-19773-9_37&partnerID=40&md5=d3db0687b67ee146c9d2e04ca38daa73},
    doi = {10.1007/978-3-319-19773-9{\_}37}
}

@inproceedings{Cheetham2016AutomatedApplication,
    title = {{Automated detection of mind wandering: A mobile application}},
    year = {2016},
    booktitle = {BIOSIGNALS 2016 - 9th International Conference on Bio-Inspired Systems and Signal Processing, Proceedings; Part of 9th International Joint Conference on Biomedical Engineering Systems and Technologies, BIOSTEC 2016},
    author = {Cheetham, M and Cepeda, C and Gamboa, H},
    pages = {198--205},
    url = {https://www.scopus.com/inward/record.uri?eid=2-s2.0-84969246759&partnerID=40&md5=b3d5007e9bb75ea50d21fbfecceef4b7}
}

@inproceedings{Cheetham2016AutomatedApplicationb,
    title = {{Automated detection of mind wandering: A mobile application}},
    year = {2016},
    booktitle = {BIOSIGNALS 2016 - 9th International Conference on Bio-Inspired Systems and Signal Processing, Proceedings; Part of 9th International Joint Conference on Biomedical Engineering Systems and Technologies, BIOSTEC 2016},
    author = {Cheetham, M and Cepeda, C and Gamboa, H},
    pages = {198--205},
    url = {https://www.scopus.com/inward/record.uri?eid=2-s2.0-84969246759&partnerID=40&md5=b3d5007e9bb75ea50d21fbfecceef4b7}
}

@article{Blanchard2014AutomatedLearning,
    title = {{Automated physiological-based detection of mind wandering during learning}},
    year = {2014},
    journal = {Lecture Notes in Computer Science (including subseries Lecture Notes in Artificial Intelligence and Lecture Notes in Bioinformatics)},
    author = {Blanchard, N and Bixler, R and Joyce, T and D'Mello, S},
    pages = {55--60},
    volume = {8474 LNCS},
    url = {https://www.scopus.com/inward/record.uri?eid=2-s2.0-84958534325&doi=10.1007%2F978-3-319-07221-0_7&partnerID=40&md5=5289ed64738d6ade2a6be6a486ae6775},
    doi = {10.1007/978-3-319-07221-0{\_}7}
}

@article{Blanchard2014AutomatedLearningb,
    title = {{Automated physiological-based detection of mind wandering during learning}},
    year = {2014},
    journal = {Lecture Notes in Computer Science (including subseries Lecture Notes in Artificial Intelligence and Lecture Notes in Bioinformatics)},
    author = {Blanchard, N and Bixler, R and Joyce, T and D'Mello, S},
    pages = {55--60},
    volume = {8474 LNCS},
    url = {https://www.scopus.com/inward/record.uri?eid=2-s2.0-84958534325&doi=10.1007%2F978-3-319-07221-0_7&partnerID=40&md5=5289ed64738d6ade2a6be6a486ae6775},
    doi = {10.1007/978-3-319-07221-0{\_}7}
}

@article{Blanchard2014AutomatedLearningc,
    title = {{Automated physiological-based detection of mind wandering during learning}},
    year = {2014},
    journal = {Lecture Notes in Computer Science (including subseries Lecture Notes in Artificial Intelligence and Lecture Notes in Bioinformatics)},
    author = {Blanchard, N and Bixler, R and Joyce, T and D'Mello, S},
    pages = {55--60},
    volume = {8474 LNCS},
    url = {https://www.scopus.com/inward/record.uri?eid=2-s2.0-84958534325&doi=10.1007%2F978-3-319-07221-0_7&partnerID=40&md5=5289ed64738d6ade2a6be6a486ae6775},
    doi = {10.1007/978-3-319-07221-0{\_}7}
}

@inproceedings{Bixler2015AutomaticPhysiology,
    title = {{Automatic detection of mind wandering during reading using gaze and physiology}},
    year = {2015},
    booktitle = {ICMI 2015 - Proceedings of the 2015 ACM International Conference on Multimodal Interaction},
    author = {Bixler, R and Blanchard, N and Garrison, L and D'mello, S},
    pages = {299--306},
    url = {https://www.scopus.com/inward/record.uri?eid=2-s2.0-84959306313&doi=10.1145%2F2818346.2820742&partnerID=40&md5=1b29c72fd0be3faa332924f779b349b5},
    doi = {10.1145/2818346.2820742}
}

@inproceedings{Bixler2015AutomaticPhysiologyb,
    title = {{Automatic detection of mind wandering during reading using gaze and physiology}},
    year = {2015},
    booktitle = {ICMI 2015 - Proceedings of the 2015 ACM International Conference on Multimodal Interaction},
    author = {Bixler, R and Blanchard, N and Garrison, L and D'mello, S},
    pages = {299--306},
    url = {https://www.scopus.com/inward/record.uri?eid=2-s2.0-84959306313&doi=10.1145%2F2818346.2820742&partnerID=40&md5=1b29c72fd0be3faa332924f779b349b5},
    doi = {10.1145/2818346.2820742}
}

@inproceedings{Bixler2015AutomaticPhysiologyc,
    title = {{Automatic detection of mind wandering during reading using gaze and physiology}},
    year = {2015},
    booktitle = {ICMI 2015 - Proceedings of the 2015 ACM International Conference on Multimodal Interaction},
    author = {Bixler, R and Blanchard, N and Garrison, L and D'mello, S},
    pages = {299--306},
    url = {https://www.scopus.com/inward/record.uri?eid=2-s2.0-84959306313&doi=10.1145%2F2818346.2820742&partnerID=40&md5=1b29c72fd0be3faa332924f779b349b5},
    doi = {10.1145/2818346.2820742}
}

@article{Bixler2015AutomaticAwareness,
    title = {{Automatic gaze-based detection of mind wandering with metacognitive awareness}},
    year = {2015},
    journal = {Lecture Notes in Computer Science (including subseries Lecture Notes in Artificial Intelligence and Lecture Notes in Bioinformatics)},
    author = {Bixler, R and D’Mello, S},
    pages = {31--43},
    volume = {9146},
    url = {https://www.scopus.com/inward/record.uri?eid=2-s2.0-84937509986&doi=10.1007%2F978-3-319-20267-9_3&partnerID=40&md5=e4db8226192d54e04e6edd0260eaebed},
    doi = {10.1007/978-3-319-20267-9{\_}3}
}

@article{Bixler2015AutomaticAwarenessb,
    title = {{Automatic gaze-based detection of mind wandering with metacognitive awareness}},
    year = {2015},
    journal = {Lecture Notes in Computer Science (including subseries Lecture Notes in Artificial Intelligence and Lecture Notes in Bioinformatics)},
    author = {Bixler, R and D’Mello, S},
    pages = {31--43},
    volume = {9146},
    url = {https://www.scopus.com/inward/record.uri?eid=2-s2.0-84937509986&doi=10.1007%2F978-3-319-20267-9_3&partnerID=40&md5=e4db8226192d54e04e6edd0260eaebed},
    doi = {10.1007/978-3-319-20267-9{\_}3}
}

@article{Bixler2016AutomaticReading,
    title = {{Automatic gaze-based user-independent detection of mind wandering during computerized reading}},
    year = {2016},
    journal = {User Modeling and User-Adapted Interaction},
    author = {Bixler, R and D’Mello, S},
    number = {1},
    pages = {33--68},
    volume = {26},
    url = {https://www.scopus.com/inward/record.uri?eid=2-s2.0-84944706244&doi=10.1007%2Fs11257-015-9167-1&partnerID=40&md5=1332663c69cc40ae443e60a114d96425},
    doi = {10.1007/s11257-015-9167-1}
}

@article{Bixler2016AutomaticReadingb,
    title = {{Automatic gaze-based user-independent detection of mind wandering during computerized reading}},
    year = {2016},
    journal = {User Modeling and User-Adapted Interaction},
    author = {Bixler, R and D’Mello, S},
    number = {1},
    pages = {33--68},
    volume = {26},
    url = {https://www.scopus.com/inward/record.uri?eid=2-s2.0-84944706244&doi=10.1007%2Fs11257-015-9167-1&partnerID=40&md5=1332663c69cc40ae443e60a114d96425},
    doi = {10.1007/s11257-015-9167-1}
}

@article{Bixler2016AutomaticReadingc,
    title = {{Automatic gaze-based user-independent detection of mind wandering during computerized reading}},
    year = {2016},
    journal = {User Modeling and User-Adapted Interaction},
    author = {Bixler, R and D’Mello, S},
    number = {1},
    pages = {33--68},
    volume = {26},
    url = {https://www.scopus.com/inward/record.uri?eid=2-s2.0-84944706244&doi=10.1007%2Fs11257-015-9167-1&partnerID=40&md5=1332663c69cc40ae443e60a114d96425},
    doi = {10.1007/s11257-015-9167-1}
}

@inproceedings{Hiroyasu2017BrainConnectivity,
    title = {{Brain functional state analysis of mindfulness using graph theory and functional connectivity}},
    year = {2017},
    booktitle = {AAAI Spring Symposium - Technical Report},
    author = {Hiroyasu, T and Hiwa, S},
    pages = {675--680},
    volume = {SS-17-01 -},
    url = {https://www.scopus.com/inward/record.uri?eid=2-s2.0-85028709145&partnerID=40&md5=bc5c6f269c461b9ed4ecae3ef35efd5b}
}

@inproceedings{Xiao2018ClassroomMechanism,
    title = {{Classroom attention restoration using computer game rewarding mechanism}},
    year = {2018},
    booktitle = {13th International Conference on Computer Science and Education, ICCSE 2018},
    author = {Xiao, S and Liang, W and Tang, Y},
    pages = {781--786},
    url = {https://www.scopus.com/inward/record.uri?eid=2-s2.0-85055481672&doi=10.1109%2FICCSE.2018.8468797&partnerID=40&md5=5dee61903ab2e1e69b547120a3e7a49e},
    doi = {10.1109/ICCSE.2018.8468797}
}

@inproceedings{Hsu2018Co-attentionCo-segmentation,
    title = {{Co-attention CNNs for unsupervised object co-segmentation}},
    year = {2018},
    booktitle = {IJCAI International Joint Conference on Artificial Intelligence},
    author = {Hsu, K.-J. and Lin, Y.-Y. and Chuang, Y.-Y.},
    pages = {748--756},
    volume = {2018-July},
    url = {https://www.scopus.com/inward/record.uri?eid=2-s2.0-85055117017&partnerID=40&md5=cdd7126505d71e8d66de28ed17653774}
}

@article{Aderyani2016ConceptualizationFutility,
    title = {{Conceptualization of Idle (laghw) and its relation to medical futility}},
    year = {2016},
    journal = {Journal of Medical Ethics and History of Medicine},
    author = {Aderyani, M R and Javadi, M and Tavakkoli, S N and Kiani, M and Abbasi, M},
    pages = {1--7},
    volume = {9},
    url = {https://www.scopus.com/inward/record.uri?eid=2-s2.0-85020297131&partnerID=40&md5=957a6e7cb37193280cd6910837d6adca}
}

@article{Hadar2019CultivatingPerspective,
    title = {{Cultivating mindfulness through technology in higher education: a Buberian perspective}},
    year = {2019},
    journal = {AI and Society},
    author = {Hadar, L L and Ergas, O},
    number = {1},
    pages = {99--107},
    volume = {34},
    url = {https://www.scopus.com/inward/record.uri?eid=2-s2.0-85040250212&doi=10.1007%2Fs00146-018-0794-z&partnerID=40&md5=06fda7e609a55e1bdc6ff8c20c7da9e2},
    doi = {10.1007/s00146-018-0794-z}
}

@article{Hadar2019CultivatingPerspectiveb,
    title = {{Cultivating mindfulness through technology in higher education: a Buberian perspective}},
    year = {2019},
    journal = {AI and Society},
    author = {Hadar, L L and Ergas, O},
    number = {1},
    pages = {99--107},
    volume = {34},
    url = {https://www.scopus.com/inward/record.uri?eid=2-s2.0-85040250212&doi=10.1007%2Fs00146-018-0794-z&partnerID=40&md5=06fda7e609a55e1bdc6ff8c20c7da9e2},
    doi = {10.1007/s00146-018-0794-z}
}

@article{Yang2019DeepHashing,
    title = {{Deep Attention-Guided Hashing}},
    year = {2019},
    journal = {IEEE Access},
    author = {Yang, Zhan and Ian Raymond, Osolo and Sun, Wuqing and Long, Jun},
    pages = {11209--11221},
    volume = {7},
    url = {https://www.scopus.com/inward/record.uri?eid=2-s2.0-85061159923&doi=10.1109%2FACCESS.2019.2891894&partnerID=40&md5=d9515d03891ba7e0170fa7218cfa8d4f https://ieeexplore.ieee.org/document/8607076/},
    doi = {10.1109/ACCESS.2019.2891894},
    issn = {2169-3536}
}

@inproceedings{Mishchenko2015DetectingTespiti,
    title = {{Detecting the attention state of an operator in continuous attention task using EEG-based brain-computer interface [EEG Tabanli Beyin Makine Aray{\"{u}}z{\"{u}} Kullanilarak Devamli Dikkat Gerektiren G{\"{o}}revde Operat{\"{o}}r{\"{u}}n Dikkat Durumunun Tespiti]}},
    year = {2015},
    booktitle = {2015 23rd Signal Processing and Communications Applications Conference, SIU 2015 - Proceedings},
    author = {Mishchenko, Y and Kaya, M},
    pages = {232--235},
    url = {https://www.scopus.com/inward/record.uri?eid=2-s2.0-84939134072&doi=10.1109%2FSIU.2015.7129802&partnerID=40&md5=9380d05ea2225d1016fd9977c947117f},
    doi = {10.1109/SIU.2015.7129802}
}

@inproceedings{Mishchenko2015DetectingTespitib,
    title = {{Detecting the attention state of an operator in continuous attention task using EEG-based brain-computer interface [EEG Tabanli Beyin Makine Aray{\"{u}}z{\"{u}} Kullanilarak Devamli Dikkat Gerektiren G{\"{o}}revde Operat{\"{o}}r{\"{u}}n Dikkat Durumunun Tespiti]}},
    year = {2015},
    booktitle = {2015 23rd Signal Processing and Communications Applications Conference, SIU 2015 - Proceedings},
    author = {Mishchenko, Y and Kaya, M},
    pages = {232--235},
    url = {https://www.scopus.com/inward/record.uri?eid=2-s2.0-84939134072&doi=10.1109%2FSIU.2015.7129802&partnerID=40&md5=9380d05ea2225d1016fd9977c947117f},
    doi = {10.1109/SIU.2015.7129802}
}

@inproceedings{Mishchenko2015DetectingTespitic,
    title = {{Detecting the attention state of an operator in continuous attention task using EEG-based brain-computer interface [EEG Tabanli Beyin Makine Aray{\"{u}}z{\"{u}} Kullanilarak Devamli Dikkat Gerektiren G{\"{o}}revde Operat{\"{o}}r{\"{u}}n Dikkat Durumunun Tespiti]}},
    year = {2015},
    booktitle = {2015 23rd Signal Processing and Communications Applications Conference, SIU 2015 - Proceedings},
    author = {Mishchenko, Y and Kaya, M},
    pages = {232--235},
    url = {https://www.scopus.com/inward/record.uri?eid=2-s2.0-84939134072&doi=10.1109%2FSIU.2015.7129802&partnerID=40&md5=9380d05ea2225d1016fd9977c947117f},
    doi = {10.1109/SIU.2015.7129802}
}

@inproceedings{Cochran1999EffectiveEnvironment,
    title = {{Effective control center design for a better operating environment}},
    year = {1999},
    booktitle = {NPRA Computer Conference Papers},
    author = {Cochran, E and Bullemer, P and Millner, P},
    volume = {1999},
    url = {https://www.scopus.com/inward/record.uri?eid=2-s2.0-3543003532&partnerID=40&md5=3f7d4c4b9dbd85b299820d3d05821295}
}

@article{Gu2017ETGraph:Data,
    title = {{ETGraph: A graph-based approach for visual analytics of eye-tracking data}},
    year = {2017},
    journal = {Computers and Graphics (Pergamon)},
    author = {Gu, Y and Wang, C and Bixler, R and D'Mello, S},
    pages = {1--14},
    volume = {62},
    url = {https://www.scopus.com/inward/record.uri?eid=2-s2.0-85007239957&doi=10.1016%2Fj.cag.2016.11.001&partnerID=40&md5=a5fc528c355ce20d499cf6c5b71d6c27},
    doi = {10.1016/j.cag.2016.11.001}
}

@article{Gu2017ETGraph:Datab,
    title = {{ETGraph: A graph-based approach for visual analytics of eye-tracking data}},
    year = {2017},
    journal = {Computers and Graphics (Pergamon)},
    author = {Gu, Y and Wang, C and Bixler, R and D'Mello, S},
    pages = {1--14},
    volume = {62},
    url = {https://www.scopus.com/inward/record.uri?eid=2-s2.0-85007239957&doi=10.1016%2Fj.cag.2016.11.001&partnerID=40&md5=a5fc528c355ce20d499cf6c5b71d6c27},
    doi = {10.1016/j.cag.2016.11.001}
}

@article{Gu2017ETGraph:Datac,
    title = {{ETGraph: A graph-based approach for visual analytics of eye-tracking data}},
    year = {2017},
    journal = {Computers and Graphics (Pergamon)},
    author = {Gu, Y and Wang, C and Bixler, R and D'Mello, S},
    pages = {1--14},
    volume = {62},
    url = {https://www.scopus.com/inward/record.uri?eid=2-s2.0-85007239957&doi=10.1016%2Fj.cag.2016.11.001&partnerID=40&md5=a5fc528c355ce20d499cf6c5b71d6c27},
    doi = {10.1016/j.cag.2016.11.001}
}

@article{Risko2013EverydayLectures,
    title = {{Everyday attention: Mind wandering and computer use during lectures}},
    year = {2013},
    journal = {Computers and Education},
    author = {Risko, E F and Buchanan, D and Medimorec, S and Kingstone, A},
    pages = {275--283},
    volume = {68},
    url = {https://www.scopus.com/inward/record.uri?eid=2-s2.0-84879042228&doi=10.1016%2Fj.compedu.2013.05.001&partnerID=40&md5=7fcca5e2b18ec1585feee5b74ef08281},
    doi = {10.1016/j.compedu.2013.05.001}
}

@article{Risko2013EverydayLecturesb,
    title = {{Everyday attention: Mind wandering and computer use during lectures}},
    year = {2013},
    journal = {Computers and Education},
    author = {Risko, E F and Buchanan, D and Medimorec, S and Kingstone, A},
    pages = {275--283},
    volume = {68},
    url = {https://www.scopus.com/inward/record.uri?eid=2-s2.0-84879042228&doi=10.1016%2Fj.compedu.2013.05.001&partnerID=40&md5=7fcca5e2b18ec1585feee5b74ef08281},
    doi = {10.1016/j.compedu.2013.05.001}
}

@article{Gupta2013ExploringFormation,
    title = {{Exploring a quantum Hebbian model of feature map formation}},
    year = {2013},
    journal = {Lecture Notes in Computer Science (including subseries Lecture Notes in Artificial Intelligence and Lecture Notes in Bioinformatics)},
    author = {Gupta, P and Markan, C M},
    pages = {599--604},
    volume = {8251 LNCS},
    url = {https://www.scopus.com/inward/record.uri?eid=2-s2.0-84893393346&doi=10.1007%2F978-3-642-45062-4_84&partnerID=40&md5=7f34ece37bb1d7a84ccf0c21c07e3a81},
    doi = {10.1007/978-3-642-45062-4{\_}84}
}

@inproceedings{Gwizdka2019ExploringTasks,
    title = {{Exploring eye-tracking data for detection of mind-wandering on web tasks}},
    year = {2019},
    booktitle = {Lecture Notes in Information Systems and Organisation},
    author = {Gwizdka, J},
    pages = {47--55},
    volume = {29},
    url = {https://www.scopus.com/inward/record.uri?eid=2-s2.0-85056258313&doi=10.1007%2F978-3-030-01087-4_6&partnerID=40&md5=7914770c5df17def219a0cab598d18ce},
    doi = {10.1007/978-3-030-01087-4{\_}6}
}

@inproceedings{Gwizdka2019ExploringTasksb,
    title = {{Exploring eye-tracking data for detection of mind-wandering on web tasks}},
    year = {2019},
    booktitle = {Lecture Notes in Information Systems and Organisation},
    author = {Gwizdka, J},
    pages = {47--55},
    volume = {29},
    url = {https://www.scopus.com/inward/record.uri?eid=2-s2.0-85056258313&doi=10.1007%2F978-3-030-01087-4_6&partnerID=40&md5=7914770c5df17def219a0cab598d18ce},
    doi = {10.1007/978-3-030-01087-4{\_}6}
}

@inproceedings{Gwizdka2019ExploringTasksc,
    title = {{Exploring eye-tracking data for detection of mind-wandering on web tasks}},
    year = {2019},
    booktitle = {Lecture Notes in Information Systems and Organisation},
    author = {Gwizdka, J},
    pages = {47--55},
    volume = {29},
    url = {https://www.scopus.com/inward/record.uri?eid=2-s2.0-85056258313&doi=10.1007%2F978-3-030-01087-4_6&partnerID=40&md5=7914770c5df17def219a0cab598d18ce},
    doi = {10.1007/978-3-030-01087-4{\_}6}
}

@article{Stewart2017FaceComprehension,
    title = {{Face forward: Detecting mind wandering from video during narrative film comprehension}},
    year = {2017},
    journal = {Lecture Notes in Computer Science (including subseries Lecture Notes in Artificial Intelligence and Lecture Notes in Bioinformatics)},
    author = {Stewart, A and Bosch, N and Chen, H and Donnelly, P and D’Mello, S},
    pages = {359--370},
    volume = {10331 LNAI},
    url = {https://www.scopus.com/inward/record.uri?eid=2-s2.0-85022187659&doi=10.1007%2F978-3-319-61425-0_30&partnerID=40&md5=243aecb80695c09789d89d77aef15e25},
    doi = {10.1007/978-3-319-61425-0{\_}30}
}

@article{Stewart2017FaceComprehensionb,
    title = {{Face forward: Detecting mind wandering from video during narrative film comprehension}},
    year = {2017},
    journal = {Lecture Notes in Computer Science (including subseries Lecture Notes in Artificial Intelligence and Lecture Notes in Bioinformatics)},
    author = {Stewart, A and Bosch, N and Chen, H and Donnelly, P and D’Mello, S},
    pages = {359--370},
    volume = {10331 LNAI},
    url = {https://www.scopus.com/inward/record.uri?eid=2-s2.0-85022187659&doi=10.1007%2F978-3-319-61425-0_30&partnerID=40&md5=243aecb80695c09789d89d77aef15e25},
    doi = {10.1007/978-3-319-61425-0{\_}30}
}

@article{Stewart2017FaceComprehensionc,
    title = {{Face forward: Detecting mind wandering from video during narrative film comprehension}},
    year = {2017},
    journal = {Lecture Notes in Computer Science (including subseries Lecture Notes in Artificial Intelligence and Lecture Notes in Bioinformatics)},
    author = {Stewart, A and Bosch, N and Chen, H and Donnelly, P and D’Mello, S},
    pages = {359--370},
    volume = {10331 LNAI},
    url = {https://www.scopus.com/inward/record.uri?eid=2-s2.0-85022187659&doi=10.1007%2F978-3-319-61425-0_30&partnerID=40&md5=243aecb80695c09789d89d77aef15e25},
    doi = {10.1007/978-3-319-61425-0{\_}30}
}

@article{Young2018FamiliarityDriver,
    title = {{Familiarity breeds contempt for the road ahead: The real-world effects of route repetition on visual attention in an expert driver}},
    year = {2018},
    journal = {Transportation Research Part F: Traffic Psychology and Behaviour},
    author = {Young, A H and Mackenzie, A K and Davies, R L and Crundall, D},
    pages = {4--9},
    volume = {57},
    url = {https://www.scopus.com/inward/record.uri?eid=2-s2.0-85051631114&doi=10.1016%2Fj.trf.2017.10.004&partnerID=40&md5=2efe88fbeb3eef95803e626d96cc4d56},
    doi = {10.1016/j.trf.2017.10.004}
}

@article{DMello2012GazeSystem,
    title = {{Gaze tutor: A gaze-reactive intelligent tutoring system}},
    year = {2012},
    journal = {International Journal of Human Computer Studies},
    author = {D'Mello, S and Olney, A and Williams, C and Hays, P},
    number = {5},
    pages = {377--398},
    volume = {70},
    url = {https://www.scopus.com/inward/record.uri?eid=2-s2.0-84857329239&doi=10.1016%2Fj.ijhcs.2012.01.004&partnerID=40&md5=82a3c19ffe86c47cbe3a961c453c417b},
    doi = {10.1016/j.ijhcs.2012.01.004}
}

@article{DMello2016GivingAIED,
    title = {{Giving Eyesight to the Blind: Towards Attention-Aware AIED}},
    year = {2016},
    journal = {International Journal of Artificial Intelligence in Education},
    author = {D'Mello, S K},
    number = {2},
    pages = {645--659},
    volume = {26},
    url = {https://www.scopus.com/inward/record.uri?eid=2-s2.0-84963579899&doi=10.1007%2Fs40593-016-0104-1&partnerID=40&md5=9722b37ca24a2943710ab88df2eef949},
    doi = {10.1007/s40593-016-0104-1}
}

@article{vanVugt2018HowModel,
    title = {{How Does Rumination Impact Cognition? A First Mechanistic Model}},
    year = {2018},
    journal = {Topics in Cognitive Science},
    author = {van Vugt, M K and van der Velde, M},
    number = {1},
    pages = {175--191},
    volume = {10},
    url = {https://www.scopus.com/inward/record.uri?eid=2-s2.0-85041118705&doi=10.1111%2Ftops.12318&partnerID=40&md5=531a9bc1ca1b7ebee0575ef5b6b8ff27},
    doi = {10.1111/tops.12318}
}

@inproceedings{Gontier2016HowEnvironment,
    title = {{How to prevent mind-wandering during en EVA? Presentation of a mind-wandering detection method using ECG technology in a Mars-analog environment}},
    year = {2016},
    booktitle = {Proceedings of the International Astronautical Congress, IAC},
    author = {Gontier, C},
    url = {https://www.scopus.com/inward/record.uri?eid=2-s2.0-85016472468&partnerID=40&md5=c3bf7b24863ee282610ac10fa602ecd6}
}

@inproceedings{Gontier2016HowEnvironmentb,
    title = {{How to prevent mind-wandering during en EVA? Presentation of a mind-wandering detection method using ECG technology in a Mars-analog environment}},
    year = {2016},
    booktitle = {Proceedings of the International Astronautical Congress, IAC},
    author = {Gontier, C},
    url = {https://www.scopus.com/inward/record.uri?eid=2-s2.0-85016472468&partnerID=40&md5=c3bf7b24863ee282610ac10fa602ecd6}
}

@inproceedings{Gontier2016HowEnvironmentc,
    title = {{How to prevent mind-wandering during en EVA? Presentation of a mind-wandering detection method using ECG technology in a Mars-analog environment}},
    year = {2016},
    booktitle = {Proceedings of the International Astronautical Congress, IAC},
    author = {Gontier, C},
    url = {https://www.scopus.com/inward/record.uri?eid=2-s2.0-85016472468&partnerID=40&md5=c3bf7b24863ee282610ac10fa602ecd6}
}

@article{Li2017ImpactEngagement,
    title = {{Impact of pedagogical agents’ conversational formality on learning and engagement}},
    year = {2017},
    journal = {Lecture Notes in Computer Science (including subseries Lecture Notes in Artificial Intelligence and Lecture Notes in Bioinformatics)},
    author = {Li, H and Graesser, A},
    pages = {188--200},
    volume = {10331 LNAI},
    url = {https://www.scopus.com/inward/record.uri?eid=2-s2.0-85022213801&doi=10.1007%2F978-3-319-61425-0_16&partnerID=40&md5=cdd1edd04a791984058c5be674528ea8},
    doi = {10.1007/978-3-319-61425-0{\_}16}
}

@article{Lemercier2014InattentionDriving,
    title = {{Inattention behind the wheel: How factual internal thoughts impact attentional control while driving}},
    year = {2014},
    journal = {Safety Science},
    author = {Lemercier, C and P{\^{e}}cher, C and Berthi{\'{e}}, G and Val{\'{e}}ry, B and Vidal, V and Paubel, P.-V. and Cour, M and Fort, A and Gal{\'{e}}ra, C and Gabaude, C and Lagarde, E and Maury, B},
    pages = {279--285},
    volume = {62},
    url = {https://www.scopus.com/inward/record.uri?eid=2-s2.0-84884770947&doi=10.1016%2Fj.ssci.2013.08.011&partnerID=40&md5=ac75ae1c38f097f217cf5b73562f58a7},
    doi = {10.1016/j.ssci.2013.08.011}
}

@article{Burdett2018InsideMind,
    title = {{Inside the commuting driver's wandering mind}},
    year = {2018},
    journal = {Transportation Research Part F: Traffic Psychology and Behaviour},
    author = {Burdett, B R D and Charlton, S G and Starkey, N J},
    pages = {59--74},
    volume = {57},
    url = {https://www.scopus.com/inward/record.uri?eid=2-s2.0-85034740725&doi=10.1016%2Fj.trf.2017.11.002&partnerID=40&md5=8786d61b643042285495c8532e221e57},
    doi = {10.1016/j.trf.2017.11.002}
}

@inproceedings{Robal2018IntelliEye:Tracking,
    title = {{IntelliEye: Enhancing MOOC learners' videowatching experience through real-time attention tracking}},
    year = {2018},
    booktitle = {HT 2018 - Proceedings of the 29th ACM Conference on Hypertext and Social Media},
    author = {Robal, T and Zhao, Y and Lofi, C and Hauff, C},
    pages = {106--114},
    url = {https://www.scopus.com/inward/record.uri?eid=2-s2.0-85051543230&doi=10.1145%2F3209542.3209547&partnerID=40&md5=66d8521725acd389a2af9fb60105ca0a},
    doi = {10.1145/3209542.3209547}
}

@inproceedings{Robal2018IntelliEye:Trackingb,
    title = {{IntelliEye: Enhancing MOOC learners' videowatching experience through real-time attention tracking}},
    year = {2018},
    booktitle = {HT 2018 - Proceedings of the 29th ACM Conference on Hypertext and Social Media},
    author = {Robal, T and Zhao, Y and Lofi, C and Hauff, C},
    pages = {106--114},
    url = {https://www.scopus.com/inward/record.uri?eid=2-s2.0-85051543230&doi=10.1145%2F3209542.3209547&partnerID=40&md5=66d8521725acd389a2af9fb60105ca0a},
    doi = {10.1145/3209542.3209547}
}

@article{2014IntelligentProceedings,
    title = {{Intelligent Tutoring Systems - 12th International Conference, ITS 2014, Proceedings}},
    year = {2014},
    journal = {Lecture Notes in Computer Science (including subseries Lecture Notes in Artificial Intelligence and Lecture Notes in Bioinformatics)},
    volume = {8474 LNCS},
    url = {https://www.scopus.com/inward/record.uri?eid=2-s2.0-84906501918&partnerID=40&md5=ce6e3858089feba2c0913e515ca81af4}
}

@article{Albert2018LinkingDrivers,
    title = {{Linking mind wandering tendency to risky driving in young male drivers}},
    year = {2018},
    journal = {Accident Analysis and Prevention},
    author = {Albert, D A and Ouimet, M C and Jarret, J and Cloutier, M.-S. and Paquette, M and Badeau, N and Brown, T G},
    pages = {125--132},
    volume = {111},
    url = {https://www.scopus.com/inward/record.uri?eid=2-s2.0-85036451588&doi=10.1016%2Fj.aap.2017.11.019&partnerID=40&md5=afea1a6c4031b51e8a60a6bb1b52eab5},
    doi = {10.1016/j.aap.2017.11.019}
}

@article{Jiao2018LookLoss,
    title = {{Look deeper into depth: monocular depth estimation with semantic booster and attention-driven loss}},
    year = {2018},
    journal = {Lecture Notes in Computer Science (including subseries Lecture Notes in Artificial Intelligence and Lecture Notes in Bioinformatics)},
    author = {Jiao, J and Cao, Y and Song, Y and Lau, R},
    pages = {55--71},
    volume = {11219 LNCS},
    url = {https://www.scopus.com/inward/record.uri?eid=2-s2.0-85055419750&doi=10.1007%2F978-3-030-01267-0_4&partnerID=40&md5=4c14ecdcaeb3ca229787f70806e864a1},
    doi = {10.1007/978-3-030-01267-0{\_}4}
}

@inproceedings{Conrad2019MeasuringPotential,
    title = {{Measuring the impact of mind wandering in real time using an auditory evoked potential}},
    year = {2019},
    booktitle = {Lecture Notes in Information Systems and Organisation},
    author = {Conrad, C and Newman, A},
    pages = {37--45},
    volume = {29},
    url = {https://www.scopus.com/inward/record.uri?eid=2-s2.0-85056255605&doi=10.1007%2F978-3-030-01087-4_5&partnerID=40&md5=d08aa1d0eb6fddd34a296b96932258c2},
    doi = {10.1007/978-3-030-01087-4{\_}5}
}

@article{Burdett2019MindStudy,
    title = {{Mind wandering during everyday driving: An on-road study}},
    year = {2019},
    journal = {Accident Analysis and Prevention},
    author = {Burdett, B R D and Charlton, S G and Starkey, N J},
    pages = {76--84},
    volume = {122},
    url = {https://www.scopus.com/inward/record.uri?eid=2-s2.0-85054445638&doi=10.1016%2Fj.aap.2018.10.001&partnerID=40&md5=4ad173fcda6925891bdccf4001696da2},
    doi = {10.1016/j.aap.2018.10.001}
}

@article{Mills2015MindSystem,
    title = {{Mind wandering during learning with an intelligent tutoring system}},
    year = {2015},
    journal = {Lecture Notes in Computer Science (including subseries Lecture Notes in Artificial Intelligence and Lecture Notes in Bioinformatics)},
    author = {Mills, C and D’Mello, S and Bosch, N and Olney, A M},
    pages = {267--276},
    volume = {9112},
    url = {https://www.scopus.com/inward/record.uri?eid=2-s2.0-84948981102&doi=10.1007%2F978-3-319-19773-9_27&partnerID=40&md5=333d520894e5177e1442068d9d4059ee},
    doi = {10.1007/978-3-319-19773-9{\_}27}
}

@article{Mills2015MindSystemb,
    title = {{Mind wandering during learning with an intelligent tutoring system}},
    year = {2015},
    journal = {Lecture Notes in Computer Science (including subseries Lecture Notes in Artificial Intelligence and Lecture Notes in Bioinformatics)},
    author = {Mills, C and D’Mello, S and Bosch, N and Olney, A M},
    pages = {267--276},
    volume = {9112},
    url = {https://www.scopus.com/inward/record.uri?eid=2-s2.0-84948981102&doi=10.1007%2F978-3-319-19773-9_27&partnerID=40&md5=333d520894e5177e1442068d9d4059ee},
    doi = {10.1007/978-3-319-19773-9{\_}27}
}

@article{Mills2015MindSystemc,
    title = {{Mind wandering during learning with an intelligent tutoring system}},
    year = {2015},
    journal = {Lecture Notes in Computer Science (including subseries Lecture Notes in Artificial Intelligence and Lecture Notes in Bioinformatics)},
    author = {Mills, C and D’Mello, S and Bosch, N and Olney, A M},
    pages = {267--276},
    volume = {9112},
    url = {https://www.scopus.com/inward/record.uri?eid=2-s2.0-84948981102&doi=10.1007%2F978-3-319-19773-9_27&partnerID=40&md5=333d520894e5177e1442068d9d4059ee},
    doi = {10.1007/978-3-319-19773-9{\_}27}
}

@article{Walker2018Mind-wanderingAbilities,
    title = {{Mind-wandering while driving: The impact of fatigue, task length, and sustained attention abilities}},
    year = {2018},
    journal = {Transportation Research Part F: Traffic Psychology and Behaviour},
    author = {Walker, H E K and Trick, L M},
    pages = {81--97},
    volume = {59},
    url = {https://www.scopus.com/inward/record.uri?eid=2-s2.0-85052958182&doi=10.1016%2Fj.trf.2018.08.009&partnerID=40&md5=88f3728f15ef477ce387522e2b38db01},
    doi = {10.1016/j.trf.2018.08.009}
}

@article{Russell2016MonitoringEnvironments,
    title = {{Monitoring attention with embedded frequency markers for simulation environments}},
    year = {2016},
    journal = {Lecture Notes in Computer Science (including subseries Lecture Notes in Artificial Intelligence and Lecture Notes in Bioinformatics)},
    author = {Russell, B A H and Russo, J C and Warfield, I P and Casebeer, W D},
    pages = {394--403},
    volume = {9743},
    url = {https://www.scopus.com/inward/record.uri?eid=2-s2.0-84978901306&doi=10.1007%2F978-3-319-39955-3_37&partnerID=40&md5=cea9e1eaa68f8d41147185300fc65d60},
    doi = {10.1007/978-3-319-39955-3{\_}37}
}

@article{Russell2016MonitoringEnvironmentsb,
    title = {{Monitoring attention with embedded frequency markers for simulation environments}},
    year = {2016},
    journal = {Lecture Notes in Computer Science (including subseries Lecture Notes in Artificial Intelligence and Lecture Notes in Bioinformatics)},
    author = {Russell, B A H and Russo, J C and Warfield, I P and Casebeer, W D},
    pages = {394--403},
    volume = {9743},
    url = {https://www.scopus.com/inward/record.uri?eid=2-s2.0-84978901306&doi=10.1007%2F978-3-319-39955-3_37&partnerID=40&md5=cea9e1eaa68f8d41147185300fc65d60},
    doi = {10.1007/978-3-319-39955-3{\_}37}
}

@article{Russell2016MonitoringEnvironmentsc,
    title = {{Monitoring attention with embedded frequency markers for simulation environments}},
    year = {2016},
    journal = {Lecture Notes in Computer Science (including subseries Lecture Notes in Artificial Intelligence and Lecture Notes in Bioinformatics)},
    author = {Russell, B A H and Russo, J C and Warfield, I P and Casebeer, W D},
    pages = {394--403},
    volume = {9743},
    url = {https://www.scopus.com/inward/record.uri?eid=2-s2.0-84978901306&doi=10.1007%2F978-3-319-39955-3_37&partnerID=40&md5=cea9e1eaa68f8d41147185300fc65d60},
    doi = {10.1007/978-3-319-39955-3{\_}37}
}

@article{Wang2019MultiscaleImages,
    title = {{Multiscale Visual Attention Networks for Object Detection in VHR Remote Sensing Images}},
    year = {2019},
    journal = {IEEE Geoscience and Remote Sensing Letters},
    author = {Wang, C and Bai, X and Wang, S and Zhou, J and Ren, P},
    number = {2},
    pages = {310--314},
    volume = {16},
    url = {https://www.scopus.com/inward/record.uri?eid=2-s2.0-85055713458&doi=10.1109%2FLGRS.2018.2872355&partnerID=40&md5=ac665446284c186641298c9d4c9f5416},
    doi = {10.1109/LGRS.2018.2872355}
}

@article{vanderWal2015Myndplay:Interface,
    title = {{Myndplay: Measuring attention regulation with single dry electrode brain computer interface}},
    year = {2015},
    journal = {Lecture Notes in Computer Science (including subseries Lecture Notes in Artificial Intelligence and Lecture Notes in Bioinformatics)},
    author = {van der Wal, C N and Irrmischer, M},
    pages = {192--201},
    volume = {9250},
    url = {https://www.scopus.com/inward/record.uri?eid=2-s2.0-84945911497&doi=10.1007%2F978-3-319-23344-4_19&partnerID=40&md5=b1a3cdb1cdd053980a9b6ca088d66bac},
    doi = {10.1007/978-3-319-23344-4{\_}19}
}

@article{vanderWal2015Myndplay:Interfaceb,
    title = {{Myndplay: Measuring attention regulation with single dry electrode brain computer interface}},
    year = {2015},
    journal = {Lecture Notes in Computer Science (including subseries Lecture Notes in Artificial Intelligence and Lecture Notes in Bioinformatics)},
    author = {van der Wal, C N and Irrmischer, M},
    pages = {192--201},
    volume = {9250},
    url = {https://www.scopus.com/inward/record.uri?eid=2-s2.0-84945911497&doi=10.1007%2F978-3-319-23344-4_19&partnerID=40&md5=b1a3cdb1cdd053980a9b6ca088d66bac},
    doi = {10.1007/978-3-319-23344-4{\_}19}
}

@article{Burdett2016NotDriving,
    title = {{Not all minds wander equally: The influence of traits, states and road environment factors on self-reported mind wandering during everyday driving}},
    year = {2016},
    journal = {Accident Analysis and Prevention},
    author = {Burdett, B R D and Charlton, S G and Starkey, N J},
    pages = {1--7},
    volume = {95},
    url = {https://www.scopus.com/inward/record.uri?eid=2-s2.0-84976579878&doi=10.1016%2Fj.aap.2016.06.012&partnerID=40&md5=3fe72e0e2e53cf6522bf1d31cb786f7f},
    doi = {10.1016/j.aap.2016.06.012}
}

@article{Burdett2016NotDrivingb,
    title = {{Not all minds wander equally: The influence of traits, states and road environment factors on self-reported mind wandering during everyday driving}},
    year = {2016},
    journal = {Accident Analysis and Prevention},
    author = {Burdett, B R D and Charlton, S G and Starkey, N J},
    pages = {1--7},
    volume = {95},
    url = {https://www.scopus.com/inward/record.uri?eid=2-s2.0-84976579878&doi=10.1016%2Fj.aap.2016.06.012&partnerID=40&md5=3fe72e0e2e53cf6522bf1d31cb786f7f},
    doi = {10.1016/j.aap.2016.06.012}
}

@article{Burdett2016NotDrivingc,
    title = {{Not all minds wander equally: The influence of traits, states and road environment factors on self-reported mind wandering during everyday driving}},
    year = {2016},
    journal = {Accident Analysis and Prevention},
    author = {Burdett, B R D and Charlton, S G and Starkey, N J},
    pages = {1--7},
    volume = {95},
    url = {https://www.scopus.com/inward/record.uri?eid=2-s2.0-84976579878&doi=10.1016%2Fj.aap.2016.06.012&partnerID=40&md5=3fe72e0e2e53cf6522bf1d31cb786f7f},
    doi = {10.1016/j.aap.2016.06.012}
}

@inproceedings{Hutt2017OutClassroom,
    title = {{Out of the Fr-"Eye"-ing Pan: Towards gaze-based models of attention during learning with technology in the classroom}},
    year = {2017},
    booktitle = {UMAP 2017 - Proceedings of the 25th Conference on User Modeling, Adaptation and Personalization},
    author = {Hutt, S and Mills, C and Bosch, N and Krasich, K and Brockmole, J and D'mello, S},
    pages = {94--103},
    url = {https://www.scopus.com/inward/record.uri?eid=2-s2.0-85026756708&doi=10.1145%2F3079628.3079669&partnerID=40&md5=f6239aa2a116f552f86cd5822bf00964},
    doi = {10.1145/3079628.3079669}
}

@inproceedings{Hutt2017OutClassroomb,
    title = {{Out of the Fr-"Eye"-ing Pan: Towards gaze-based models of attention during learning with technology in the classroom}},
    year = {2017},
    booktitle = {UMAP 2017 - Proceedings of the 25th Conference on User Modeling, Adaptation and Personalization},
    author = {Hutt, S and Mills, C and Bosch, N and Krasich, K and Brockmole, J and D'mello, S},
    pages = {94--103},
    url = {https://www.scopus.com/inward/record.uri?eid=2-s2.0-85026756708&doi=10.1145%2F3079628.3079669&partnerID=40&md5=f6239aa2a116f552f86cd5822bf00964},
    doi = {10.1145/3079628.3079669}
}

@inproceedings{Hutt2017OutClassroomc,
    title = {{Out of the Fr-"Eye"-ing Pan: Towards gaze-based models of attention during learning with technology in the classroom}},
    year = {2017},
    booktitle = {UMAP 2017 - Proceedings of the 25th Conference on User Modeling, Adaptation and Personalization},
    author = {Hutt, S and Mills, C and Bosch, N and Krasich, K and Brockmole, J and D'mello, S},
    pages = {94--103},
    url = {https://www.scopus.com/inward/record.uri?eid=2-s2.0-85026756708&doi=10.1145%2F3079628.3079669&partnerID=40&md5=f6239aa2a116f552f86cd5822bf00964},
    doi = {10.1145/3079628.3079669}
}

@article{Super2016PracticabilityDriving,
    title = {{Practicability of meaningful sound to avoid attention-drifting phenomenon while driving}},
    year = {2016},
    journal = {Advanced Science Letters},
    author = {Super, S and Aminuddin, M M M},
    number = {9},
    pages = {2138--2140},
    volume = {22},
    url = {https://www.scopus.com/inward/record.uri?eid=2-s2.0-84989165798&doi=10.1166%2Fasl.2016.7059&partnerID=40&md5=a5e685d0fa88c0227d84b381559c97d0},
    doi = {10.1166/asl.2016.7059}
}

@article{Super2016PracticabilityDrivingb,
    title = {{Practicability of meaningful sound to avoid attention-drifting phenomenon while driving}},
    year = {2016},
    journal = {Advanced Science Letters},
    author = {Super, S and Aminuddin, M M M},
    number = {9},
    pages = {2138--2140},
    volume = {22},
    url = {https://www.scopus.com/inward/record.uri?eid=2-s2.0-84989165798&doi=10.1166%2Fasl.2016.7059&partnerID=40&md5=a5e685d0fa88c0227d84b381559c97d0},
    doi = {10.1166/asl.2016.7059}
}

@article{Ren2018RegressionRadiograph,
    title = {{Regression Convolutional Neural Network for Automated Pediatric Bone Age Assessment from Hand Radiograph}},
    year = {2018},
    journal = {IEEE Journal of Biomedical and Health Informatics},
    author = {Ren, X and Li, T and Yang, X and Wang, S and Ahmad, S and Xiang, L and Stone, S R and Li, L and Zhan, Y and Shen, D and Wang, Q},
    url = {https://www.scopus.com/inward/record.uri?eid=2-s2.0-85055215069&doi=10.1109%2FJBHI.2018.2876916&partnerID=40&md5=920bcc453a37b411691a2f3c5330c6af},
    doi = {10.1109/JBHI.2018.2876916}
}

@inproceedings{Chaudhary2017RevealingApplications,
    title = {{Revealing the scope of mind wandering software effects, techniques and applications}},
    year = {2017},
    booktitle = {Proceedings of the 7th International Conference Confluence 2017 on Cloud Computing, Data Science and Engineering},
    author = {Chaudhary, P and Chaudhary, L and Tripathi, P and Varshney, T},
    pages = {671--673},
    url = {https://www.scopus.com/inward/record.uri?eid=2-s2.0-85021709680&doi=10.1109%2FCONFLUENCE.2017.7943236&partnerID=40&md5=9d8aeaaffca5874602bcb9010b959339},
    doi = {10.1109/CONFLUENCE.2017.7943236}
}

@inproceedings{Chaudhary2017RevealingApplicationsb,
    title = {{Revealing the scope of mind wandering software effects, techniques and applications}},
    year = {2017},
    booktitle = {Proceedings of the 7th International Conference Confluence 2017 on Cloud Computing, Data Science and Engineering},
    author = {Chaudhary, P and Chaudhary, L and Tripathi, P and Varshney, T},
    pages = {671--673},
    url = {https://www.scopus.com/inward/record.uri?eid=2-s2.0-85021709680&doi=10.1109%2FCONFLUENCE.2017.7943236&partnerID=40&md5=9d8aeaaffca5874602bcb9010b959339},
    doi = {10.1109/CONFLUENCE.2017.7943236}
}

@inproceedings{Chaudhary2017RevealingApplicationsc,
    title = {{Revealing the scope of mind wandering software effects, techniques and applications}},
    year = {2017},
    booktitle = {Proceedings of the 7th International Conference Confluence 2017 on Cloud Computing, Data Science and Engineering},
    author = {Chaudhary, P and Chaudhary, L and Tripathi, P and Varshney, T},
    pages = {671--673},
    url = {https://www.scopus.com/inward/record.uri?eid=2-s2.0-85021709680&doi=10.1109%2FCONFLUENCE.2017.7943236&partnerID=40&md5=9d8aeaaffca5874602bcb9010b959339},
    doi = {10.1109/CONFLUENCE.2017.7943236}
}

@article{Yanko2013RouteStudy,
    title = {{Route familiarity breeds inattention: A driving simulator study}},
    year = {2013},
    journal = {Accident Analysis and Prevention},
    author = {Yanko, M R and Spalek, T M},
    pages = {80--86},
    volume = {57},
    url = {https://www.scopus.com/inward/record.uri?eid=2-s2.0-84877032219&doi=10.1016%2Fj.aap.2013.04.003&partnerID=40&md5=583db26638f16cce3d860dc1d0702819},
    doi = {10.1016/j.aap.2013.04.003}
}

@article{Zhao2017ScalableApproach,
    title = {{Scalable mind-wandering detection for MOOCs: A webcam-based approach}},
    year = {2017},
    journal = {Lecture Notes in Computer Science (including subseries Lecture Notes in Artificial Intelligence and Lecture Notes in Bioinformatics)},
    author = {Zhao, Y and Lofi, C and Hauff, C},
    pages = {330--344},
    volume = {10474 LNCS},
    url = {https://www.scopus.com/inward/record.uri?eid=2-s2.0-85029584560&doi=10.1007%2F978-3-319-66610-5_24&partnerID=40&md5=897c1af9aa77dec5bd9cd03347ef7a62},
    doi = {10.1007/978-3-319-66610-5{\_}24}
}

@article{Zhao2017ScalableApproachb,
    title = {{Scalable mind-wandering detection for MOOCs: A webcam-based approach}},
    year = {2017},
    journal = {Lecture Notes in Computer Science (including subseries Lecture Notes in Artificial Intelligence and Lecture Notes in Bioinformatics)},
    author = {Zhao, Y and Lofi, C and Hauff, C},
    pages = {330--344},
    volume = {10474 LNCS},
    url = {https://www.scopus.com/inward/record.uri?eid=2-s2.0-85029584560&doi=10.1007%2F978-3-319-66610-5_24&partnerID=40&md5=897c1af9aa77dec5bd9cd03347ef7a62},
    doi = {10.1007/978-3-319-66610-5{\_}24}
}

@article{Zhao2017ScalableApproachc,
    title = {{Scalable mind-wandering detection for MOOCs: A webcam-based approach}},
    year = {2017},
    journal = {Lecture Notes in Computer Science (including subseries Lecture Notes in Artificial Intelligence and Lecture Notes in Bioinformatics)},
    author = {Zhao, Y and Lofi, C and Hauff, C},
    pages = {330--344},
    volume = {10474 LNCS},
    url = {https://www.scopus.com/inward/record.uri?eid=2-s2.0-85029584560&doi=10.1007%2F978-3-319-66610-5_24&partnerID=40&md5=897c1af9aa77dec5bd9cd03347ef7a62},
    doi = {10.1007/978-3-319-66610-5{\_}24}
}

@article{Bothara2004SeismicBuildings,
    title = {{Seismic retrofitting of low strength unreinforced masonry non-engineered school buildings}},
    year = {2004},
    journal = {Bulletin of the New Zealand Society for Earthquake Engineering},
    author = {Bothara, J K and Pandey, B and Guragain, R},
    number = {1},
    pages = {13--22},
    volume = {37},
    url = {https://www.scopus.com/inward/record.uri?eid=2-s2.0-2342605537&partnerID=40&md5=7c63c339a8922ef367d6cd5377eeb2a6}
}

@inproceedings{Pace2012SimulatedPedestrians,
    title = {{Simulated influence of user interaction with mobile devices amongst pedestrians}},
    year = {2012},
    booktitle = {Proceedings of the 24th Australian Computer-Human Interaction Conference, OzCHI 2012},
    author = {Pace, S S and Hoon, L and Woodward, C J},
    pages = {449--458},
    url = {https://www.scopus.com/inward/record.uri?eid=2-s2.0-84872330589&doi=10.1145%2F2414536.2414606&partnerID=40&md5=3c4665fed1cfd2232ea58f26d2d01172},
    doi = {10.1145/2414536.2414606}
}

@inproceedings{Nehaniv2017SimulatingSequences,
    title = {{Simulating and reconstructing neurodynamics with Epsilon-automata applied to electroencephalography (EEG) Microstate Sequences}},
    year = {2017},
    booktitle = {2017 IEEE Symposium Series on Computational Intelligence (SSCI)},
    author = {Nehaniv, Chrystopher L. and Antonova, Elena},
    month = {11},
    pages = {1--9},
    publisher = {IEEE},
    url = {http://ieeexplore.ieee.org/document/8285438/},
    isbn = {978-1-5386-2726-6},
    doi = {10.1109/SSCI.2017.8285438}
}

@inproceedings{Nehaniv2018SimulatingSequences,
    title = {{Simulating and reconstructing neurodynamics with Epsilon-automata applied to electroencephalography (EEG) Microstate Sequences}},
    year = {2018},
    booktitle = {2017 IEEE Symposium Series on Computational Intelligence, SSCI 2017 - Proceedings},
    author = {Nehaniv, C L and Antonova, E},
    pages = {1--9},
    volume = {2018-Janua},
    url = {https://www.scopus.com/inward/record.uri?eid=2-s2.0-85046114634&doi=10.1109%2FSSCI.2017.8285438&partnerID=40&md5=3f4cc7bc4ac79dd32bea2177e64ad475},
    doi = {10.1109/SSCI.2017.8285438}
}

@article{Xu2017SynthesisNanomaterial,
    title = {{Synthesis and enhanced microwave absorption properties: A strongly hydrogenated TiO<inf>2</inf> nanomaterial}},
    year = {2017},
    journal = {Nanotechnology},
    author = {Xu, J and Qi, X and Luo, C and Qiao, J and Xie, R and Sun, Y and Zhong, W and Fu, Q and Pan, C},
    number = {42},
    volume = {28},
    url = {https://www.scopus.com/inward/record.uri?eid=2-s2.0-85030178747&doi=10.1088%2F1361-6528%2Faa81ba&partnerID=40&md5=54e347299938c7dcbd2a30c85210f8a4},
    doi = {10.1088/1361-6528/aa81ba}
}

@inproceedings{Seeber2017TheSelection,
    title = {{The choice is yours: The role of cognitive processes for IT-supported idea selection}},
    year = {2017},
    booktitle = {Lecture Notes in Information Systems and Organisation},
    author = {Seeber, I and Weber, B and Maier, R and de Vreede, G.-J.},
    pages = {17--24},
    volume = {25},
    url = {https://www.scopus.com/inward/record.uri?eid=2-s2.0-85035747893&doi=10.1007%2F978-3-319-67431-5_3&partnerID=40&md5=9cdeeb378f45378d29cf618b0fa8afc1},
    doi = {10.1007/978-3-319-67431-5{\_}3}
}

@article{Geden2018TheDriving,
    title = {{The impacts of perceptual load and driving duration on mind wandering in driving}},
    year = {2018},
    journal = {Transportation Research Part F: Traffic Psychology and Behaviour},
    author = {Geden, M and Staicu, A.-M. and Feng, J},
    pages = {75--83},
    volume = {57},
    url = {https://www.scopus.com/inward/record.uri?eid=2-s2.0-85051663555&doi=10.1016%2Fj.trf.2017.07.004&partnerID=40&md5=54467a2dd119de86f7f19f6f22bb803c},
    doi = {10.1016/j.trf.2017.07.004}
}

@article{Liu2013TheBrain,
    title = {{The influence of 40 Hz electromagnetic wave induce phase-synchronization on brain}},
    year = {2013},
    journal = {Applied Mechanics and Materials},
    author = {Liu, C.-J. and Huang, C.-F. and Chou, C.-Y. and Lu, M.-C. and Yu, C.-H. and Lin, Y.-T. and Wu, M.-T. and Ho, M.-C.},
    pages = {491--496},
    volume = {311},
    url = {https://www.scopus.com/inward/record.uri?eid=2-s2.0-84874994736&doi=10.4028%2Fwww.scientific.net%2FAMM.311.491&partnerID=40&md5=e54f14985dcd5468eb5d7fc07aac0b9e},
    doi = {10.4028/www.scientific.net/AMM.311.491}
}

@inproceedings{Yildirim2018TheWandering,
    title = {{The mediating role of mindfulness in the relationship between media multitasking and mind wandering}},
    year = {2018},
    booktitle = {ACM International Conference Proceeding Series},
    author = {Yildirim, C and Dark, V J},
    url = {https://www.scopus.com/inward/record.uri?eid=2-s2.0-85048713273&doi=10.1145%2F3183654.3183711&partnerID=40&md5=9d75bc2117df040b66d2927fbac1f9b1},
    doi = {10.1145/3183654.3183711}
}

@inproceedings{Yildirim2018TheWanderingb,
    title = {{The mediating role of mindfulness in the relationship between media multitasking and mind wandering}},
    year = {2018},
    booktitle = {ACM International Conference Proceeding Series},
    author = {Yildirim, C and Dark, V J},
    url = {https://www.scopus.com/inward/record.uri?eid=2-s2.0-85048713273&doi=10.1145%2F3183654.3183711&partnerID=40&md5=9d75bc2117df040b66d2927fbac1f9b1},
    doi = {10.1145/3183654.3183711}
}

@article{Berthie2015TheWheel,
    title = {{The restless mind while driving: Drivers' thoughts behind the wheel}},
    year = {2015},
    journal = {Accident Analysis and Prevention},
    author = {Berthi{\'{e}}, G and Lemercier, C and Paubel, P.-V. and Cour, M and Fort, A and Gal{\'{e}}ra, C and Lagarde, E and Gabaude, C and Maury, B},
    pages = {159--165},
    volume = {76},
    url = {https://www.scopus.com/inward/record.uri?eid=2-s2.0-84923077264&doi=10.1016%2Fj.aap.2015.01.005&partnerID=40&md5=7cb4e264c1a4ab8f7d8ab0f69b1c45f7},
    doi = {10.1016/j.aap.2015.01.005}
}

@article{Abraham2018TheConsciousness,
    title = {{The wandering mind: Where imagination meets consciousness}},
    year = {2018},
    journal = {Journal of Consciousness Studies},
    author = {Abraham, A},
    number = {11-12},
    pages = {34--52},
    volume = {25},
    url = {https://www.scopus.com/inward/record.uri?eid=2-s2.0-85061845213&partnerID=40&md5=e9034afad547592997dc770902505c6f}
}

@article{Abraham2018TheConsciousnessb,
    title = {{The wandering mind: Where imagination meets consciousness}},
    year = {2018},
    journal = {Journal of Consciousness Studies},
    author = {Abraham, A},
    number = {11-12},
    pages = {34--52},
    volume = {25},
    url = {https://www.scopus.com/inward/record.uri?eid=2-s2.0-85061845213&partnerID=40&md5=e9034afad547592997dc770902505c6f}
}

@article{Bixler2014TowardWandering,
    title = {{Toward fully automated person-independent detection of mind wandering}},
    year = {2014},
    journal = {Lecture Notes in Computer Science (including subseries Lecture Notes in Artificial Intelligence and Lecture Notes in Bioinformatics)},
    author = {Bixler, R and D’Mello, S},
    pages = {37--48},
    volume = {8538},
    url = {https://www.scopus.com/inward/record.uri?eid=2-s2.0-84927545979&partnerID=40&md5=6847e39fc17dd33f399b0c11bc919c15}
}

@article{Bixler2014TowardWanderingb,
    title = {{Toward fully automated person-independent detection of mind wandering}},
    year = {2014},
    journal = {Lecture Notes in Computer Science (including subseries Lecture Notes in Artificial Intelligence and Lecture Notes in Bioinformatics)},
    author = {Bixler, R and D’Mello, S},
    pages = {37--48},
    volume = {8538},
    url = {https://www.scopus.com/inward/record.uri?eid=2-s2.0-84927545979&partnerID=40&md5=6847e39fc17dd33f399b0c11bc919c15}
}

@article{Bixler2014TowardWanderingc,
    title = {{Toward fully automated person-independent detection of mind wandering}},
    year = {2014},
    journal = {Lecture Notes in Computer Science (including subseries Lecture Notes in Artificial Intelligence and Lecture Notes in Bioinformatics)},
    author = {Bixler, R and D’Mello, S},
    pages = {37--48},
    volume = {8538},
    url = {https://www.scopus.com/inward/record.uri?eid=2-s2.0-84927545979&partnerID=40&md5=6847e39fc17dd33f399b0c11bc919c15}
}

@article{Korber2015VigilanceDriving,
    title = {{Vigilance Decrement and Passive Fatigue Caused by Monotony in Automated Driving}},
    year = {2015},
    journal = {Procedia Manufacturing},
    author = {K{\"{o}}rber, M and Cingel, A and Zimmermann, M and Bengler, K},
    pages = {2403--2409},
    volume = {3},
    url = {https://www.scopus.com/inward/record.uri?eid=2-s2.0-85009971755&doi=10.1016%2Fj.promfg.2015.07.499&partnerID=40&md5=010d9211e7b5c034ccaef078afbf6bcc},
    doi = {10.1016/j.promfg.2015.07.499}
}

@inproceedings{Yamaguchi2015VRDisease,
    title = {{VR based collaborative errorless learning system using humanoid avatar for people with Alzheimer's disease}},
    year = {2015},
    booktitle = {GRAPP 2015 - 10th International Conference on Computer Graphics Theory and Applications; VISIGRAPP, Proceedings},
    author = {Yamaguchi, T and Yamagami, Y and Sato, T and Fujino, H and Harada, T and Foloppe, D A and Richard, P and Allain, P},
    pages = {462--469},
    url = {https://www.scopus.com/inward/record.uri?eid=2-s2.0-84938869072&partnerID=40&md5=94fb52ecf5b46ac44c94a2941978d84b}
}

@inproceedings{DaSilva2018WanderingWandering,
    title = {{Wandering mice, wandering minds: Using computer mouse tracking to predict mind wandering}},
    year = {2018},
    booktitle = {CEUR Workshop Proceedings},
    author = {Da Silva, M R D and Postma-Nilsenov{\'{a}}, M and Hermens, F},
    volume = {2265},
    url = {https://www.scopus.com/inward/record.uri?eid=2-s2.0-85058641551&partnerID=40&md5=072843787c8ae517f876a36cae53ac3a}
}

@inproceedings{DaSilva2018WanderingWanderingb,
    title = {{Wandering mice, wandering minds: Using computer mouse tracking to predict mind wandering}},
    year = {2018},
    booktitle = {CEUR Workshop Proceedings},
    author = {Da Silva, M R D and Postma-Nilsenov{\'{a}}, M and Hermens, F},
    volume = {2265},
    url = {https://www.scopus.com/inward/record.uri?eid=2-s2.0-85058641551&partnerID=40&md5=072843787c8ae517f876a36cae53ac3a}
}

@inproceedings{DaSilva2018WanderingWanderingc,
    title = {{Wandering mice, wandering minds: Using computer mouse tracking to predict mind wandering}},
    year = {2018},
    booktitle = {CEUR Workshop Proceedings},
    author = {Da Silva, M R D and Postma-Nilsenov{\'{a}}, M and Hermens, F},
    volume = {2265},
    url = {https://www.scopus.com/inward/record.uri?eid=2-s2.0-85058641551&partnerID=40&md5=072843787c8ae517f876a36cae53ac3a}
}

@inproceedings{Stewart2016WheresViewing,
    title = {{Where's your mind at? Video-based mind wandering detection during film viewing}},
    year = {2016},
    booktitle = {UMAP 2016 - Proceedings of the 2016 Conference on User Modeling Adaptation and Personalization},
    author = {Stewart, A and Chen, H and Bosch, N and Donnelly, P J and D'Mello, S K},
    pages = {295--296},
    url = {https://www.scopus.com/inward/record.uri?eid=2-s2.0-84984893074&doi=10.1145%2F2930238.2930266&partnerID=40&md5=ad210e0b35e926401fe8891043ff9e2e},
    doi = {10.1145/2930238.2930266}
}

@inproceedings{Stewart2016WheresViewingb,
    title = {{Where's your mind at? Video-based mind wandering detection during film viewing}},
    year = {2016},
    booktitle = {UMAP 2016 - Proceedings of the 2016 Conference on User Modeling Adaptation and Personalization},
    author = {Stewart, A and Chen, H and Bosch, N and Donnelly, P J and D'Mello, S K},
    pages = {295--296},
    url = {https://www.scopus.com/inward/record.uri?eid=2-s2.0-84984893074&doi=10.1145%2F2930238.2930266&partnerID=40&md5=ad210e0b35e926401fe8891043ff9e2e},
    doi = {10.1145/2930238.2930266}
}

@inproceedings{Stewart2016WheresViewingc,
    title = {{Where's your mind at? Video-based mind wandering detection during film viewing}},
    year = {2016},
    booktitle = {UMAP 2016 - Proceedings of the 2016 Conference on User Modeling Adaptation and Personalization},
    author = {Stewart, A and Chen, H and Bosch, N and Donnelly, P J and D'Mello, S K},
    pages = {295--296},
    url = {https://www.scopus.com/inward/record.uri?eid=2-s2.0-84984893074&doi=10.1145%2F2930238.2930266&partnerID=40&md5=ad210e0b35e926401fe8891043ff9e2e},
    doi = {10.1145/2930238.2930266}
}

@article{Krasich2018MindSystem,
    title = {{“Mind” TS: Testing a brief mindfulness intervention with an intelligent tutoring system}},
    year = {2018},
    journal = {Lecture Notes in Computer Science (including subseries Lecture Notes in Artificial Intelligence and Lecture Notes in Bioinformatics)},
    author = {Krasich, K and Hutt, S and Mills, C and Spann, C A and Brockmole, J R and D’Mello, S K},
    pages = {176--181},
    volume = {10948 LNAI},
    url = {https://www.scopus.com/inward/record.uri?eid=2-s2.0-85049360678&doi=10.1007%2F978-3-319-93846-2_32&partnerID=40&md5=60f4f2561e9294074d43203b3e8d679a},
    doi = {10.1007/978-3-319-93846-2{\_}32}
}